<record><leader>00000cas a2200000 i 4500</leader><controlfield tag="001">905494701</controlfield><controlfield tag="006">m     o  d        </controlfield><controlfield tag="007">cr |||||||||||</controlfield><controlfield tag="008">150323d184118uunhusr neo     0    0eng c</controlfield><datafield ind1=" " ind2=" " tag="010"><subfield code="a">  2015263131</subfield></datafield><datafield ind1=" " ind2=" " tag="040"><subfield code="a">TXA</subfield><subfield code="b">eng</subfield><subfield code="e">rda</subfield><subfield code="e">pn</subfield><subfield code="c">TXA</subfield><subfield code="d">TXA</subfield></datafield><datafield ind1=" " ind2=" " tag="042"><subfield code="a">pcc</subfield></datafield><datafield ind1=" " ind2=" " tag="043"><subfield code="a">n-us---</subfield></datafield><datafield ind1="1" ind2="4" tag="050"><subfield code="a">AP201</subfield><subfield code="b">.R674</subfield></datafield><datafield ind1="0" ind2="0" tag="245"><subfield code="a">Rose &amp; thorn.</subfield></datafield><datafield ind1="1" ind2=" " tag="246"><subfield code="a">Rose and thorn</subfield></datafield><datafield ind1=" " ind2="1" tag="264"><subfield code="a">Exeter, N.H. :</subfield><subfield code="b">Wm. Young &amp; Co.</subfield></datafield><datafield ind1=" " ind2=" " tag="310"><subfield code="a">Semimonthly</subfield></datafield><datafield ind1=" " ind2=" " tag="336"><subfield code="a">text</subfield><subfield code="b">txt</subfield><subfield code="2">rdacontent</subfield></datafield><datafield ind1=" " ind2=" " tag="337"><subfield code="a">computer</subfield><subfield code="b">c</subfield><subfield code="2">rdamedia</subfield></datafield><datafield ind1=" " ind2=" " tag="338"><subfield code="a">online resource</subfield><subfield code="b">cr</subfield><subfield code="2">rdacarrier</subfield></datafield><datafield ind1="1" ind2=" " tag="362"><subfield code="a">Began with: Vol. 1, No. 1 (March 8, 1841).</subfield></datafield><datafield ind1=" " ind2=" " tag="588"><subfield code="a">Description based on: Vol. 1, No. 1 (March 8, 1841); title from caption (EbscoHost, viewed March 23, 2015).</subfield></datafield><datafield ind1=" " ind2=" " tag="588"><subfield code="a">Latest issue consulted: Vol. 1, No. 1 (March 8, 1841) (EbscoHost, viewed March 23, 2015).</subfield></datafield><datafield ind1=" " ind2="0" tag="650"><subfield code="a">Ethics</subfield><subfield code="v">Periodicals.</subfield></datafield><datafield ind1=" " ind2="0" tag="655"><subfield code="a">Youths' periodicals, American</subfield><subfield code="y">19th century.</subfield></datafield><datafield ind1=" " ind2=" " tag="752"><subfield code="a">United States</subfield><subfield code="b">New Hampshire</subfield><subfield code="c">Rockingham</subfield><subfield code="d">Exeter.</subfield></datafield><datafield ind1="0" ind2="8" tag="776"><subfield code="i">Print version:</subfield><subfield code="t">Rose &amp; thorn</subfield><subfield code="w">(DLC)sn 91063158</subfield><subfield code="w">(OCoLC)24201334</subfield></datafield><datafield ind1="4" ind2="0" tag="856"><subfield code="u">www.ebscohost.com</subfield></datafield></record>